@manual{anleitung-ws2014,
    author = {Donath, Markus and Schmidt, Anke},
    title = {Anleitung zu den Experimentellen Übungen zur Mechanik und Elektrizitätslehre},
    publisher = {Physikalisches Institut},
    year = {2014},
    month = {Oktober},
    edition = {Auflage Wintersemester 2014/2015},
    organization = {Westfälische Wilhelms-Universität Münster}
},

@manual{anleitung-ss2015,
    author = {Donath, Markus and Schmidt, Anke},
    title = {Anleitung zu den Experimentellen Übungen zur Optik, Wärmelehre und Atomphysik},
    publisher = {Physikalisches Institut},
    year = {2015},
    edition = {Auflage Sommersemester 2015},
    organization = {Westfälische Wilhelms-Universität Münster}
}

@online{gelbeseiten,
    publisher = {Deutsche Telekom Medien GmbH},
    title = {Gelbe Seiten},
    date = {2014-10-27},
    url = {http://www.gelbeseiten.de}
}

@online{Seebecklit,
author = {Efunda},
title = {Thermoelectric Effect},
date = {12:34 11.12.2014},
url = {http://www.efunda.com/designstandards/sensors/thermocouples/thmcple_theory.cfm?Orderby=Seebeck0C#Sensitivity},
}

@online{demtroeder,
		author = {Demtröder},
    publisher = {Springer},
    title = {Experimentalphysik 1},
    date = {2008}
}

@article{hill,
  title = {Measurement of Mercury Vapor Pressure by Means of the Knudsen Pressure Gauge},
  author = {Hill, Charles F.},
  journal = {Phys. Rev.},
  volume = {20},
  issue = {3},
  pages = {259--266},
  numpages = {0},
  year = {1922},
  month = {Sep},
  publisher = {American Physical Society},
  doi = {10.1103/PhysRev.20.259},
  url = {http://link.aps.org/doi/10.1103/PhysRev.20.259}
}
@article{zhang,
author = {Zhang, Yiming and Evans, Julian R. G. and Yang, Shoufeng},
title = {Corrected Values for Boiling Points and Enthalpies of Vaporization of Elements in Handbooks},
journal = {Journal of Chemical \& Engineering Data},
volume = {56},
number = {2},
pages = {328-337},
year = {2011},
doi = {10.1021/je1011086},

URL = { 
        http://dx.doi.org/10.1021/je1011086
    
},
eprint = { 
        http://dx.doi.org/10.1021/je1011086
    
}

}

@article{slater,
   author = "Slater, J. C.",
   title = "Atomic Radii in Crystals",
   journal = "The Journal of Chemical Physics",
   year = "1964",
   volume = "41",
   number = "10", 
   pages = "3199-3204",
   url = "http://scitation.aip.org/content/aip/journal/jcp/41/10/10.1063/1.1725697",
   doi = "http://dx.doi.org/10.1063/1.1725697" 
}